<record><leader>03115cam a2200421 i 4500</leader><controlfield tag="001">6658905</controlfield><controlfield tag="003">OCoLC</controlfield><controlfield tag="005">20140728094101.0</controlfield><controlfield tag="008">140414t20152015nyua     b    001 0 eng  </controlfield><datafield ind1=" " ind2=" " tag="010"><subfield code="a">  2014010851</subfield></datafield><datafield ind1=" " ind2=" " tag="020"><subfield code="a">9780815342441 (paperback)</subfield></datafield><datafield ind1=" " ind2=" " tag="020"><subfield code="a">0815342446 (paperback)</subfield></datafield><datafield ind1=" " ind2=" " tag="035"><subfield code="a">ocn868641565</subfield></datafield><datafield ind1=" " ind2=" " tag="040"><subfield code="a">DLC</subfield><subfield code="b">eng</subfield><subfield code="e">rda</subfield><subfield code="c">DLC</subfield><subfield code="d">BTCTA</subfield><subfield code="d">OCLCO</subfield><subfield code="d">TXA</subfield><subfield code="d">YDXCP</subfield><subfield code="d">UAB</subfield></datafield><datafield ind1=" " ind2=" " tag="042"><subfield code="a">pcc</subfield></datafield><datafield ind1=" " ind2="4" tag="050"><subfield code="a">QH604.2</subfield><subfield code="b">.L56 2015</subfield></datafield><datafield ind1="0" ind2="0" tag="082"><subfield code="a">571.7/4</subfield><subfield code="2">23</subfield></datafield><datafield ind1=" " ind2=" " tag="084"><subfield code="a">SCI000000</subfield><subfield code="a">SCI008000</subfield><subfield code="a">SCI017000</subfield><subfield code="2">bisacsh</subfield></datafield><datafield ind1=" " ind2=" " tag="090"><subfield code="a">QH 604.2 L56 2015</subfield><subfield code="b">AEU</subfield></datafield><datafield ind1="1" ind2=" " tag="100"><subfield code="a">Lim, Wendell,</subfield><subfield code="e">author.</subfield></datafield><datafield ind1="1" ind2="0" tag="245"><subfield code="a">Cell signaling :</subfield><subfield code="b">principles and mechanisms /</subfield><subfield code="c">Wendell Lim, Bruce Mayer, Tony Pawson.</subfield></datafield><datafield ind1="1" ind2=" " tag="246"><subfield code="i">Poster title:</subfield><subfield code="a">Signal transduction pathways</subfield></datafield><datafield ind1=" " ind2="1" tag="264"><subfield code="a">New York :</subfield><subfield code="b">Garland Science,</subfield><subfield code="c">[2015]</subfield></datafield><datafield ind1=" " ind2="4" tag="264"><subfield code="c">&#169;2015</subfield></datafield><datafield ind1=" " ind2=" " tag="300"><subfield code="a">xvi, 400 pages :</subfield><subfield code="b">color illustrations ;</subfield><subfield code="c">28 cm +</subfield><subfield code="e">1 poster (color illustrations, both sides ; 71 x 53 cm)</subfield></datafield><datafield ind1=" " ind2=" " tag="336"><subfield code="a">text</subfield><subfield code="2">rdacontent</subfield></datafield><datafield ind1=" " ind2=" " tag="337"><subfield code="a">unmediated</subfield><subfield code="2">rdamedia</subfield></datafield><datafield ind1=" " ind2=" " tag="338"><subfield code="a">volume</subfield><subfield code="2">rdacarrier</subfield></datafield><datafield ind1=" " ind2=" " tag="504"><subfield code="a">Includes bibliographical references and index.</subfield></datafield><datafield ind1="0" ind2=" " tag="505"><subfield code="a">Introduction to cell signaling -- Principles and mechanisms of protein interactions -- Signaling enzymes and their allosteric regulation -- Role of post-translational modifications in signaling -- Subcellular localization of signaling molecules -- Second messengers: small signaling mediators -- Membranes, lipids, and enzymes that modify them -- Information transfer across the membrane -- Regulated protein degradation -- Modular architecture and evolution of signaling proteins -- Information processing by signaling devices and networks -- How cells make decisions -- Methods for studying signaling proteins and networks.</subfield></datafield><datafield ind1=" " ind2=" " tag="520"><subfield code="a">"Cell Signaling presents the principles and components that underlie all known signaling mechanisms. The book provides undergraduate and graduate biology students with the tools needed to make sense of the array of specific pathways used by the cell to communicate. As each concept is explained, numerous examples derived from known signaling mechanisms are used to illustrate the key points. It describes basic signaling mechanisms such as protein interactions, changes in enzyme activity, post-translational modifications, subcellular localization of signaling molecules, and small diffusible signaling mediators. The book also explores the components of signaling pathways and how they are "wired" into pathways and circuits that can process information. The book concludes with a unique chapter that presents extended examples in which specific problems encountered in signaling are introduced and solved, followed by a chapter on methods"--</subfield><subfield code="c">Provided by publisher.</subfield></datafield><datafield ind1=" " ind2=" " tag="596"><subfield code="a">42</subfield></datafield><datafield ind1=" " ind2="0" tag="650"><subfield code="a">Cell interaction</subfield><subfield code="v">Textbooks.</subfield></datafield><datafield ind1=" " ind2="0" tag="650"><subfield code="a">Cellular signal transduction</subfield><subfield code="v">Textbooks.</subfield></datafield><datafield ind1="1" ind2=" " tag="700"><subfield code="a">Mayer, Bruce,</subfield><subfield code="e">author.</subfield></datafield><datafield ind1="1" ind2=" " tag="700"><subfield code="a">Pawson, T.,</subfield><subfield code="e">author.</subfield></datafield><datafield ind1=" " ind2=" " tag="949"><subfield code="a">QH 604.2 L56 2015</subfield><subfield code="c">1</subfield><subfield code="h">UAHL-B</subfield><subfield code="i">0162035178944</subfield></datafield><datafield ind1=" " ind2=" " tag="926"><subfield code="a">QH 604.2 L56 2015</subfield><subfield code="w">LC</subfield><subfield code="c">1</subfield><subfield code="i">0162035178944</subfield><subfield code="d">7/12/2016</subfield><subfield code="e">1/27/2016</subfield><subfield code="l">ON_SHELF</subfield><subfield code="m">UAHLTHSC</subfield><subfield code="n">6</subfield><subfield code="p">$150.00</subfield><subfield code="r">Y</subfield><subfield code="s">Y</subfield><subfield code="t">BOOK</subfield><subfield code="u">8/11/2014</subfield></datafield></record>